

@book{mittelbach2004,
  title={The LATEX companion},
  author={Mittelbach, Frank and Goossens, Michel and Braams, Johannes and Carlisle, David and Rowley, Chris},
  year={2004},
  publisher={Addison-Wesley Professional},
  keywords  = "latex"
}


@book{chacon2014pro,
  title={Pro git},
  author={Chacon, Scott and Straub, Ben},
  year={2014},
  publisher={Springer Nature},
  keywords  = "git"
}


@book{git20190914,
  title     = "やりたいことが今すぐわかる 逆引きGit入門",
  author    = "高 見龍 (著), 鶴本 彰子 (翻訳)",
  year      = "2019",
  publisher = "秀和システム",
  ISBN      = "4798059595",
  keywords  = "git"
}
