%In the Reference bibliography file

@book{mittelbach2004,
  title={The LATEX companion},
  author={Mittelbach, Frank and Goossens, Michel and Braams, Johannes and Carlisle, David and Rowley, Chris},
  year={2004},
  publisher={Addison-Wesley Professional}
}

@article{ShellLATEX,
  title={使用 Shell 腳本自動處理 LATEX 文稿之設計},
  author={陳奕靜},
  journal={朝陽科技大學資訊工程系學位論文},
  pages={1--69},
  year={2012},
  tags={碩士論文},
  publisher={朝陽科技大學}
}

@article{spinellis2012git,
  title={Git},
  author={Spinellis, Diomidis},
  journal={IEEE software},
  volume={29},
  number={3},
  pages={100--101},
  year={2012},
  publisher={IEEE}
}

@book{chacon2014pro,
  title={Pro git},
  author={Chacon, Scott and Straub, Ben},
  year={2014},
  publisher={Springer Nature}
}

@misc{the-latex-project,
  title = {the {Latex} project},
  howpublished = {\url{https://www.latex-project.org/}},
  note = {Accessed: 2021-09-27}
}

@online{git-version-control,
  author = {Software Freedom Conservancy},
  title = {{git} --fast-version-control},
  year = 2010,
  url = {https://git-scm.com/},
  urldate = {2021-09-27}
}
